@article{detter2018,
   author = {Detter, M. R. and Snellings, D. A. and Marchuk, D. A.},
   title = {Cerebral Cavernous Malformations Develop Through Clonal Expansion of Mutant Endothelial Cells},
   journal = {Circ Res},
   volume = {123},
   number = {10},
   pages = {1143-1151},
   ISSN = {1524-4571 (Electronic)
0009-7330 (Linking)},
   DOI = {10.1161/CIRCRESAHA.118.313970},
   url = {https://www.ncbi.nlm.nih.gov/pubmed/30359189},
   year = {2018},
   type = {Journal Article}
}

@article{koskimaki2019,
   author = {Koskimaki, J. and Zhang, D. and Li, Y. and Saadat, L. and Moore, T. and Lightle, R. and Polster, S. P. and Carrion-Penagos, J. and Lyne, S. B. and Zeineddine, H. A. and Shi, C. and Shenkar, R. and Romanos, S. and Avner, K. and Srinath, A. and Shen, L. and Detter, M. R. and Snellings, D. and Cao, Y. and Lopez-Ramirez, M. A. and Fonseca, G. and Tang, A. T. and Faber, P. and Andrade, J. and Ginsberg, M. and Kahn, M. L. and Marchuk, D. A. and Girard, R. and Awad, I. A.},
   title = {Transcriptome clarifies mechanisms of lesion genesis versus progression in models of Ccm3 cerebral cavernous malformations},
   journal = {Acta Neuropathol Commun},
   volume = {7},
   number = {1},
   pages = {132},
   ISSN = {2051-5960 (Electronic)
2051-5960 (Linking)},
   DOI = {10.1186/s40478-019-0789-0},
   url = {https://www.ncbi.nlm.nih.gov/pubmed/31426861},
   year = {2019},
   type = {Journal Article}
}

@article{ren2021,
   author = {Ren*, A. A. and Snellings*, D. A. and Su, Y. S. and Hong, C. C. and Castro, M. and Tang, A. T. and Detter, M. R. and Hobson, N. and Girard, R. and Romanos, S. and Lightle, R. and Moore, T. and Shenkar, R. and Benavides, C. and Beaman, M. M. and Mueller-Fielitz, H. and Chen, M. and Mericko, P. and Yang, J. and Sung, D. C. and Lawton, M. T. and Ruppert, M. and Schwaninger, M. and Korbelin, J. and Potente, M. and Awad, I. A. and Marchuk, D. A. and Kahn, M. L.},
   title = {PIK3CA and CCM mutations fuel cavernomas through a cancer-like mechanism},
   journal = {Nature},
   ISSN = {1476-4687 (Electronic)
0028-0836 (Linking)},
   DOI = {10.1038/s41586-021-03562-8},
   url = {https://www.ncbi.nlm.nih.gov/pubmed/33910229},
   year = {2021},
   type = {Journal Article}
}

@article{snellings2019,
   author = {Snellings, D. A. and Gallione, C. J. and Clark, D. S. and Vozoris, N. T. and Faughnan, M. E. and Marchuk, D. A.},
   title = {Somatic Mutations in Vascular Malformations of Hereditary Hemorrhagic Telangiectasia Result in Bi-allelic Loss of ENG or ACVRL1},
   journal = {Am J Hum Genet},
   volume = {105},
   number = {5},
   pages = {894-906},
   ISSN = {1537-6605 (Electronic)
0002-9297 (Linking)},
   DOI = {10.1016/j.ajhg.2019.09.010},
   url = {https://www.ncbi.nlm.nih.gov/pubmed/31630786},
   year = {2019},
   type = {Journal Article}
}

@article{wang2018,
   author = {Wang, C. and Schultzhaus, J. N. and Taitt, C. R. and Leary, D. H. and Shriver-Lake, L. C. and Snellings, D. and Sturiale, S. and North, S. H. and Orihuela, B. and Rittschof, D. and Wahl, K. J. and Spillmann, C. M.},
   title = {Characterization of longitudinal canal tissue in the acorn barnacle Amphibalanus amphitrite},
   journal = {PLoS One},
   volume = {13},
   number = {12},
   pages = {e0208352},
   ISSN = {1932-6203 (Electronic)
1932-6203 (Linking)},
   DOI = {10.1371/journal.pone.0208352},
   url = {https://www.ncbi.nlm.nih.gov/pubmed/30532169},
   year = {2018},
   type = {Journal Article}
}

@article{snellings2021,
   author = {Snellings*, D. A. and Hong*, C. C. and Ren*, A. A. and Lopez-Ramirez*, M. A. and Girard*, R. and Srinath*, A. and Marchuk, D. A. and Ginsberg, M. H. and Awad, I. A. and Kahn, M. L.},
   title = {Cerebral Cavernous Malformation: From Mechanism to Therapy},
   journal = {Circ Res},
   volume = {129},
   number = {1},
   pages = {195-215},
   ISSN = {1524-4571 (Electronic)
0009-7330 (Linking)},
   DOI = {10.1161/CIRCRESAHA.121.318174},
   url = {https://www.ncbi.nlm.nih.gov/pubmed/34166073},
   year = {2021},
   type = {Journal Article}
}



